@article{greenwade93,
    author  = "George D. Greenwade",
    title   = "The {C}omprehensive {T}ex {A}rchive {N}etwork ({CTAN})",
    year    = "1993",
    journal = "TUGBoat",
    volume  = "14",
    number  = "3",
    pages   = "342--351"
}

@article{genetic_algorithm_flow,
author = {Entezari-Maleki, Reza and Movaghar, Ali},
year = {2011},
month = {07},
pages = {},
title = {A Genetic Algorithm to Increase the Throughput of the Computational Grids},
volume = {4},
journal = {International Journal of Grid and Distributed Computing}
}

@article{popescu-2025,
	author = {Popescu, Doru-Anastasiu},
	journal = {Big Data and Cognitive Computing},
	month = {4},
	number = {4},
	pages = {98},
	title = {{An enhanced genetic algorithm for optimized educational assessment test generation through population variation}},
	volume = {9},
	year = {2025},
	doi = {10.3390/bdcc9040098},
	url = {https://doi.org/10.3390/bdcc9040098},
}

@manual{jenetics2024,
  title        = {Jenetics User Manual (Version 8.2.0)},
  author       = {Franz Wilhelmst√∂tter},
  year         = {2024},
  url          = {https://jenetics.io/manual/manual-8.2.0.pdf},
  note         = {Accessed: 07.08.2025}
}